@article{impagliazzo2001complexity,
  title={On the complexity of k-SAT},
  author={Impagliazzo, Russell and Paturi, Ramamohan},
  journal={Journal of Computer and System Sciences},
  volume={62},
  number={2},
  pages={367--375},
  year={2001},
  publisher={Elsevier}
}

@book{cygan2015parameterized,
  title={Parameterized algorithms},
  author={Cygan, Marek and Fomin, Fedor V and Kowalik, {\L}ukasz and Lokshtanov, Daniel and Marx, D{\'a}niel and Pilipczuk, Marcin and Pilipczuk, Micha{\l} and Saurabh, Saket},
  volume={5},
  number={4},
  year={2015},
  publisher={Springer}
}

@inproceedings{lokshtanov2011known,
  title={Known algorithms on graphs of bounded treewidth are probably optimal},
  author={Lokshtanov, Daniel and Marx, D{\'a}niel and Saurabh, Saket},
  booktitle={Proceedings of the twenty-second annual ACM-SIAM symposium on Discrete Algorithms},
  pages={777--789},
  year={2011},
  organization={SIAM}
}

@inproceedings{chen2006improved,
  title={Improved parameterized upper bounds for vertex cover},
  author={Chen, Jianer and Kanj, Iyad A and Xia, Ge},
  booktitle={Mathematical Foundations of Computer Science 2006: 31st International Symposium, MFCS 2006, Star{\'a} Lesn{\'a}, Slovakia, August 28-September 1, 2006. Proceedings 31},
  pages={238--249},
  year={2006},
  organization={Springer}
}
